@misc {UnityTutorial,
   url = {https://youtu.be/f473C43s8nE?si=f38qZIEqp1kj-pNh},
   title = {FIRST PERSON MOVEMENT in 10 MINUTES - Unity Tutorial},
   year = {2022},
   author = {Dave / GameDevelopment},
}

@misc {SourceImplementationBhop,
   url = {https://adrianb.io/2015/02/14/bunnyhop.html },
   author = {Flafla2},
   year = {2015},
   title = {Bunnyhopping from the Programmer's Perspective},
}
